<?xml version="1.0" encoding="UTF-8"?><record xmlns="http://www.loc.gov/MARC21/slim" xmlns:cinclude="http://apache.org/cocoon/include/1.0" xmlns:zs="http://www.loc.gov/zing/srw/">
  <leader>00404nz  a2200121n  4500</leader>
  <controlfield tag="001">n  99257574 </controlfield>
  <controlfield tag="003">DLC</controlfield>
  <controlfield tag="005">19991014090130.0</controlfield>
  <controlfield tag="008">991014n| acannaabn          |n aaa      </controlfield>
  <datafield tag="010" ind1=" " ind2=" ">
    <subfield code="a">n  99257574 </subfield>
  </datafield>
  <datafield tag="040" ind1=" " ind2=" ">
    <subfield code="a">DLC</subfield>
    <subfield code="b">eng</subfield>
    <subfield code="c">DLC</subfield>
  </datafield>
  <datafield tag="100" ind1="1" ind2=" ">
    <subfield code="a">Guibert, Florent,</subfield>
    <subfield code="d">1783-1861</subfield>
  </datafield>
  <datafield tag="670" ind1=" " ind2=" ">
    <subfield code="a">Guibert, Florent. Souvenirs d'un sous-lieutenant d'infanterie leĚgeĚre (1805-1815), 1997:</subfield>
    <subfield code="b">t.p. (Florent Guibert) p. iii (1783-1861)</subfield>
  </datafield>
</record>